@book{Olv97,
  author    = {Olver, Frank W. J.},
  doi       = {10.1201/9781439864548 },
  isbn      = {1-56881-069-5},
  pages     = {xviii+572},
  publisher = {A K Peters, Ltd., Wellesley, MA},
  series    = {AKP Classics},
  title     = {Asymptotics and special functions},
  year      = {1997},
}

@article{Tem97,
  author  = {Temme, N. M.},
  doi     = {10.1023/A:1019197921337},
  issn    = {1572-9265},
  journal = {Numerical Algorithms},
  number  = {2},
  pages   = {207-225},
  title   = {Numerical algorithms for uniform Airy-type asymptotic expansions},
  volume  = {15},
  year    = {1997},
}
